@book{VillamosElektronikusEsVirtualisMeresek,
  title={Villamos, elektronikus és virtuális mérések},
  author={Székely, Gyula and Túrós, László-Zsol},
  booktitle={Villamos, elektronikus és virtuális mérések},
  pages={243--248},
  year={2020},
  publisher={Scientia}
}

@online{similarSystem,
  author = {Markus Frejek},
  title = {{AVR Transistortester}},
  howpublished = "\url{https://www.mikrocontroller.net/articles/AVR_Transistortester}",
  note = "[Online 2022]"
}

@online{ArduinoAtmega,
  title = {{Arduino Atmega328p datasheet}},
  howpublished = "\url{https://ww1.microchip.com/downloads/en/DeviceDoc/Atmel-7810-Automotive-Microcontrollers-ATmega328P_Datasheet.pdf}",
  note = "[Online 2022]"
}

@online{RaspberryPico,
  title = {{Raspberry Pico datasheet}},
  howpublished = "\url{https://datasheets.raspberrypi.com/pico/pico-datasheet.pdf}",
  note = "[Online 2022]"
}

@article{SPIprotokol,
  title={An introduction to I 2 C and SPI protocols},
  author={Leens, Fr{\'e}d{\'e}ric},
  journal={IEEE Instrumentation \& Measurement Magazine},
  volume={12},
  number={1},
  pages={8--13},
  year={2009},
  publisher={IEEE}
}

@article{ILI9341Datasheet,
  title={ILI9341},
  author={Si, TFT}
}

@online{DAC,
  title = {{DAC}},
  howpublished = "\url{https://www.ti.com/store/ti/en/p/product/?p=DAC8565IAPWR}",
  note = "[Online 2022]"
}

@online{AnalogSwitch,
  title = {{Analog kapcsoló}},
  howpublished = "\url{https://www.ti.com/lit/ds/scds177b/scds177b.pdf?ts=1630597839741&ref_url=https%253A%252F%252Fwww.google.com%252F}",
  note = "[Online 2022]"
}
